%%%%%%%%%%%%%%%%%%%%%%%%%%%%%%%%%%%%%%%%%%%%%%%%%%%%%%%%%%%%%%%%%%%%%%%%%%%%%%%%
% Copyright 2015 Jonas Schulte-Coerne                                          %
%                                                                              %
% Licensed under the Creative Commons Attribution-ShareAlike license           %
% version 4.0 or later (https://creativecommons.org/licenses/by-sa/4.0/)       %
%%%%%%%%%%%%%%%%%%%%%%%%%%%%%%%%%%%%%%%%%%%%%%%%%%%%%%%%%%%%%%%%%%%%%%%%%%%%%%%%

@misc{License,
	author = {{Creative Commons}},
	title = {Attribution-ShareAlike license version 4.0},
	howpublished = {\url{https://creativecommons.org/licenses/by-sa/4.0/}},
	year = {2013}
}

@misc{PEP8,
	author = {Guido van Rossum and Barry Warsaw and Nick Coghlan},
	title = {PEP 8 - Style Guide for Python Code},
	howpublished = {\url{https://www.python.org/dev/peps/pep-0008/}},
	year = {2001-}
}

@misc{Profiling,
	author = {{The official Python documentatin by the Python Software Foundation}},
	title = {The Python Profilers},
	howpublished = {\url{https://docs.python.org/3.4/library/profile.html}},
	year = {1990-}
}

